<?xml version="1.0" encoding="UTF-8"?><record xmlns="http://www.loc.gov/MARC21/slim" xmlns:cinclude="http://apache.org/cocoon/include/1.0" xmlns:zs="http://www.loc.gov/zing/srw/">
  <leader>00693cz  a2200157n  4500</leader>
  <controlfield tag="001">n 2010213471</controlfield>
  <controlfield tag="003">DLC</controlfield>
  <controlfield tag="005">20100917074950.0</controlfield>
  <controlfield tag="008">100916n| acannaabn          |a aaa      </controlfield>
  <datafield tag="010" ind1=" " ind2=" ">
    <subfield code="a">n 2010213471</subfield>
  </datafield>
  <datafield tag="040" ind1=" " ind2=" ">
    <subfield code="a">DLC</subfield>
    <subfield code="b">eng</subfield>
    <subfield code="c">DLC</subfield>
  </datafield>
  <datafield tag="100" ind1="1" ind2=" ">
    <subfield code="a">Śantākumārī, Jī.,</subfield>
    <subfield code="d">1974-</subfield>
  </datafield>
  <datafield tag="400" ind1="1" ind2=" ">
    <subfield code="a">Śantākumārī, G.,</subfield>
    <subfield code="d">1974-</subfield>
  </datafield>
  <datafield tag="400" ind1="0" ind2=" ">
    <subfield code="a">Śantākumārī Jī.,</subfield>
    <subfield code="d">1974-</subfield>
  </datafield>
  <datafield tag="400" ind1="1" ind2=" ">
    <subfield code="a">Shantakumari, G.,</subfield>
    <subfield code="d">1974-</subfield>
  </datafield>
  <datafield tag="670" ind1=" " ind2=" ">
    <subfield code="a">Śantākumārī, Jī. Vīrendra Jaina ke sāhitya meṃ sāmājika cetanā, 2010:</subfield>
    <subfield code="b">t.p. (Ḍô. Śantākumārī Jī.) t.p. verso (Dr. Shantakumari G.) jkt. (M.A., Ph. D. fr. Bangalore U.; lect., Hindi, Shri Bhagwan Mahavir Jain Coll, Bangalore; b. June 30, 1974)</subfield>
  </datafield>
</record>